% Encoding: ISO-8859-1

@InProceedings{Chitta2012Efficient,
  author    = {Radha Chitta and Rong Jin and Anil K. Jain},
  title     = {Efficient Kernel Clustering Using Random Fourier Features},
  booktitle = {2012 {IEEE} 12th International Conference on Data Mining},
  year      = {2012},
  month     = {dec},
  publisher = {{IEEE}},
  doi       = {10.1109/icdm.2012.61},
  file      = {:Chitta2012Efficient.pdf:PDF},
  owner     = {valentin},
  timestamp = {2019.03.14},
}

@InProceedings{Keriven2017Compressive,
  author    = {Nicolas Keriven and Nicolas Tremblay and Yann Traonmilin and Remi Gribonval},
  title     = {Compressive K-means},
  booktitle = {2017 {IEEE} International Conference on Acoustics, Speech and Signal Processing ({ICASSP})},
  year      = {2017},
  month     = {mar},
  publisher = {{IEEE}},
  doi       = {10.1109/icassp.2017.7953382},
  file      = {:Keriven2017Compressive.pdf:PDF},
  owner     = {valentin},
  timestamp = {2019.03.14},
}

@InProceedings{Si2016Computationally,
  author    = {Si, Si and Hsieh, Cho-Jui and Dhillon, Inderjit S.},
  title     = {Computationally Efficient Nystr\"{o}M Approximation Using Fast Transforms},
  booktitle = {Proceedings of the 33rd International Conference on International Conference on Machine Learning - Volume 48},
  year      = {2016},
  series    = {ICML'16},
  pages     = {2655--2663},
  publisher = {JMLR.org},
  acmid     = {3045670},
  file      = {:Si2016Computationally.pdf:PDF},
  location  = {New York, NY, USA},
  numpages  = {9},
  url       = {http://dl.acm.org/citation.cfm?id=3045390.3045670},
}

@Article{Magoarou2016Flexible,
  author    = {Luc Le Magoarou and Remi Gribonval},
  title     = {Flexible Multilayer Sparse Approximations of Matrices and Applications},
  journal   = {{IEEE} Journal of Selected Topics in Signal Processing},
  year      = {2016},
  volume    = {10},
  number    = {4},
  pages     = {688--700},
  month     = {jun},
  doi       = {10.1109/jstsp.2016.2543461},
  file      = {:Magoarou2016Flexible.pdf:PDF},
  owner     = {valentin},
  publisher = {Institute of Electrical and Electronics Engineers ({IEEE})},
  timestamp = {2019.03.14},
}

@Unpublished{LeMagoarou2015Learning,
  author      = {Le Magoarou, Luc and Gribonval, R{\'e}mi},
  title       = {{Learning computationally efficient dictionaries and their implementation as fast transforms}},
  note        = {working paper or preprint},
  month       = Feb,
  year        = {2015},
  file        = {:LeMagoarou2015Learning_supp.pdf:PDF;:LeMagoarou2015Learning.pdf:PDF;Supplementary_material.pdf:https\://hal.inria.fr/hal-01010577/file/Supplementary_material.pdf:PDF},
  hal_id      = {hal-01010577},
  hal_version = {v3},
  keywords    = {Dictionary learning ; Fast Transform ; Computational efficiency},
  url         = {https://hal.inria.fr/hal-01010577},
}

@Comment{jabref-meta: databaseType:bibtex;}

@Comment{jabref-meta: fileDirectory:./pdf/;}
