@article{magoarou2014learning,
  title={Learning computationally efficient dictionaries and their implementation as fast transforms},
  author={Magoarou, Luc Le and Gribonval, R{\'e}mi},
  journal={arXiv preprint arXiv:1406.5388},
  year={2014}
}

@article{bolte2014proximal,
  title={Proximal alternating linearized minimization or nonconvex and nonsmooth problems},
  author={Bolte, J{\'e}r{\^o}me and Sabach, Shoham and Teboulle, Marc},
  journal={Mathematical Programming},
  volume={146},
  number={1-2},
  pages={459--494},
  year={2014},
  publisher={Springer}
}

@article{kumar2012sampling,
  title={Sampling methods for the Nystr{\"o}m method},
  author={Kumar, Sanjiv and Mohri, Mehryar and Talwalkar, Ameet},
  journal={Journal of Machine Learning Research},
  volume={13},
  number={Apr},
  pages={981--1006},
  year={2012}
}

@inproceedings{musco2017recursive,
  title={Recursive sampling for the nystrom method},
  author={Musco, Cameron and Musco, Christopher},
  booktitle={Advances in Neural Information Processing Systems},
  pages={3833--3845},
  year={2017}
}

@inproceedings{si2016computationally,
  title={Computationally efficient Nystr{\"o}m approximation using fast transforms},
  author={Si, Si and Hsieh, Cho-Jui and Dhillon, Inderjit},
  booktitle={International Conference on Machine Learning},
  pages={2655--2663},
  year={2016}
}
