%%%%%%%%%%%%%%% K-means %%%%%%%%%%%%%

@inproceedings{shindler2011fast,
	title={Fast and accurate k-means for large datasets},
	author={Shindler, Michael and Wong, Alex and Meyerson, Adam W},
	booktitle={Advances in neural information processing systems},
	pages={2375--2383},
	year={2011}
}

@inproceedings{liu2017sparse,
	title={Sparse Embedded $ k $-Means Clustering},
	author={Liu, Weiwei and Shen, Xiaobo and Tsang, Ivor},
	booktitle={Advances in Neural Information Processing Systems},
	pages={3319--3327},
	year={2017}
}

@inproceedings{shen2017compressed,
	title={Compressed k-means for large-scale clustering},
	author={Shen, Xiaobo and Liu, Weiwei and Tsang, Ivor and Shen, Fumin and Sun, Quan-Sen},
	booktitle={Thirty-First AAAI Conference on Artificial Intelligence},
	year={2017}
}

@article{boutsidis2014randomized,
	title={Randomized dimensionality reduction for $ k $-means clustering},
	author={Boutsidis, Christos and Zouzias, Anastasios and Mahoney, Michael W and Drineas, Petros},
	journal={IEEE Transactions on Information Theory},
	volume={61},
	number={2},
	pages={1045--1062},
	year={2014}
}

@article{hartigan1979algorithm,
	title={Algorithm AS 136: A k-means clustering algorithm},
	author={Hartigan, John A and Wong, Manchek A},
	journal={Journal of the Royal Statistical Society. Series C (Applied Statistics)},
	volume={28},
	number={1},
	pages={100--108},
	year={1979}
}

@article{jain2010data,
	title={Data clustering: 50 years beyond K-means},
	author={Jain, Anil K},
	journal={Pattern recognition letters},
	volume={31},
	number={8},
	pages={651--666},
	year={2010}
}


%%%%%%%%%%%%%%% Fast Transforms %%%%%%%%%%%%

@inproceedings{le2013fastfood,
	title={Fastfoodâ€”Approximating Kernel Expansions in Loglinear Time},
	author={Le, Quoc and Sarl{\'o}s, Tam{\'a}s and Smola, Alex},
	booktitle={International Conference on Machine Learning},
	year={2013}
}

@article{gittens2016revisiting,
	title={Revisiting the Nystr{\"o}m method for improved large-scale machine learning},
	author={Gittens, Alex and Mahoney, Michael W},
	journal={The Journal of Machine Learning Research},
	volume={17},
	number={1},
	pages={3977--4041},
	year={2016},
}


@inproceedings{si2016computationally,
	title={Computationally efficient Nystr{\"o}m approximation using fast transforms},
	author={Si, Si and Hsieh, Cho-Jui and Dhillon, Inderjit},
	booktitle={International Conference on Machine Learning},
	pages={2655--2663},
	year={2016}
}

@article{magoarou2014learning,
	title={Learning computationally efficient dictionaries and their implementation as fast transforms},
	author={Magoarou, Luc Le and Gribonval, R{\'e}mi},
	journal={arXiv preprint arXiv:1406.5388},
	year={2014}
}




%%%%%%%%%%%%%%%%%%%%%%%%%%%%%%%%%%%%



@article{bolte2014proximal,
  title={Proximal alternating linearized minimization or nonconvex and nonsmooth problems},
  author={Bolte, J{\'e}r{\^o}me and Sabach, Shoham and Teboulle, Marc},
  journal={Mathematical Programming},
  volume={146},
  number={1-2},
  pages={459--494},
  year={2014},
  publisher={Springer}
}

@article{kumar2012sampling,
  title={Sampling methods for the Nystr{\"o}m method},
  author={Kumar, Sanjiv and Mohri, Mehryar and Talwalkar, Ameet},
  journal={Journal of Machine Learning Research},
  volume={13},
  number={Apr},
  pages={981--1006},
  year={2012}
}

@inproceedings{musco2017recursive,
  title={Recursive sampling for the nystrom method},
  author={Musco, Cameron and Musco, Christopher},
  booktitle={Advances in Neural Information Processing Systems},
  pages={3833--3845},
  year={2017}
}


