% Encoding: ISO-8859-1
%%%%%%%%%%%%%%% K-means %%%%%%%%%%%%%

@InProceedings{shindler2011fast,
  author    = {Shindler, Michael and Wong, Alex and Meyerson, Adam},
  title     = {Fast and accurate k-means for large datasets},
  booktitle = {Advances in neural information processing systems},
  year      = {2011},
  pages     = {2375--2383},
  file      = {:shindler2011fast.pdf:PDF},
}

@techreport{griffinHolubPerona,
Author = {G. Griffin and A. Holub and P. Perona},
Title = {Caltech-256 Object Category Dataset},
Institution = {California Institute of Technology},
    Year = {2007},
    URL = {http://authors.library.caltech.edu/7694},
    Number = {7694}
 
}

@inproceedings{liu2017sparse,
	title={Sparse Embedded $ k $-Means Clustering},
	author={Liu, Weiwei and Shen, Xiaobo and Tsang, Ivor},
	booktitle={Advances in Neural Information Processing Systems},
	pages={3319--3327},
	year={2017}
}

@inproceedings{shen2017compressed,
	title={Compressed k-means for large-scale clustering},
	author={Shen, Xiaobo and Liu, Weiwei and Tsang, Ivor and Shen, Fumin and Sun, Quan-Sen},
	booktitle={Thirty-First AAAI Conference on Artificial Intelligence},
	year={2017}
}

@article{boutsidis2014randomized,
	title={Randomized dimensionality reduction for $ k $-means clustering},
	author={Boutsidis, Christos and Zouzias, Anastasios and Mahoney, Michael W and Drineas, Petros},
	journal={IEEE Transactions on Information Theory},
	volume={61},
	number={2},
	pages={1045--1062},
	year={2014}
}

@article{hartigan1979algorithm,
	title={Algorithm AS 136: A k-means clustering algorithm},
	author={Hartigan, John A and Wong, Manchek A},
	journal={Journal of the Royal Statistical Society. Series C (Applied Statistics)},
	volume={28},
	number={1},
	pages={100--108},
	year={1979}
}

@article{jain2010data,
	title={Data clustering: 50 years beyond K-means},
	author={Jain, Anil K},
	journal={Pattern recognition letters},
	volume={31},
	number={8},
	pages={651--666},
	year={2010}
}

@article{muja2014scalable,
	title={Scalable nearest neighbor algorithms for high dimensional data},
	author={Muja, Marius and Lowe, David G},
	journal={IEEE transactions on pattern analysis and machine intelligence},
	volume={36},
	number={11},
	pages={2227--2240},
	year={2014}
}

@article{van2016local,
	title={Local network community detection with continuous optimization of conductance and weighted kernel k-means},
	author={Van Laarhoven, Twan and Marchiori, Elena},
	journal={The Journal of Machine Learning Research},
	volume={17},
	number={1},
	pages={5148--5175},
	year={2016}
}

@inproceedings{que2016back,
	title={Back to the Future: Radial Basis Function Networks Revisited.},
	author={Que, Qichao and Belkin, Mikhail},
	booktitle={AISTATS},
	pages={1375--1383},
	year={2016}
}

@InProceedings{arthur2006slow,
  author    = {Arthur, David and Vassilvitskii, Sergei},
  title     = {How slow is the k-means method?},
  booktitle = {Symposium on Computational Geometry},
  year      = {2006},
  pages     = {1--10},
  file      = {:arthur2006slow.pdf:PDF},
}


%%%%%%%%%%%%%%% Fast Transforms %%%%%%%%%%%%

@inproceedings{le2013fastfood,
	title={Fastfoodâ€”Approximating Kernel Expansions in Loglinear Time},
	author={Le, Quoc and Sarl{\'o}s, Tam{\'a}s and Smola, Alex},
	booktitle={International Conference on Machine Learning},
	year={2013}
}

@article{gittens2016revisiting,
	title={Revisiting the Nystr{\"o}m method for improved large-scale machine learning},
	author={Gittens, Alex and Mahoney, Michael W},
	journal={The Journal of Machine Learning Research},
	volume={17},
	number={1},
	pages={3977--4041},
	year={2016},
}


@inproceedings{si2016computationally,
	title={Computationally efficient Nystr{\"o}m approximation using fast transforms},
	author={Si, Si and Hsieh, Cho-Jui and Dhillon, Inderjit},
	booktitle={International Conference on Machine Learning},
	pages={2655--2663},
	year={2016}
}

@article{magoarou2014learning,
	title={Learning computationally efficient dictionaries and their implementation as fast transforms},
	author={Magoarou, Luc Le and Gribonval, R{\'e}mi},
	journal={arXiv preprint arXiv:1406.5388},
	year={2014}
}

@Article{LeMagoarou2016Flexible,
	author    = {Le Magoarou, Luc and Gribonval, R\'emi},
	title     = {Flexible Multilayer Sparse Approximations of Matrices and Applications},
	journal   = {{{IEEE} Journal of Selected Topics in Signal Processing}},
	year      = {2016},
	volume    = {10},
	number    = {4},
	pages     = {688--700},
}




%%%%%%%%%%%%%%%%%%%%%%%%%%%%%%%%%%%%

@Article{bolte2014proximal,
  author    = {Bolte, J{\'e}r{\^o}me and Sabach, Shoham and Teboulle, Marc},
  title     = {Proximal alternating linearized minimization or nonconvex and nonsmooth problems},
  journal   = {Mathematical Programming},
  year      = {2014},
  volume    = {146},
  number    = {1-2},
  pages     = {459--494},
  publisher = {Springer},
}

@article{kumar2012sampling,
  title={Sampling methods for the Nystr{\"o}m method},
  author={Kumar, Sanjiv and Mohri, Mehryar and Talwalkar, Ameet},
  journal={Journal of Machine Learning Research},
  volume={13},
  number={Apr},
  pages={981--1006},
  year={2012}
}

@inproceedings{musco2017recursive,
  title={Recursive sampling for the nystrom method},
  author={Musco, Cameron and Musco, Christopher},
  booktitle={Advances in Neural Information Processing Systems},
  pages={3833--3845},
  year={2017}
}

@Article{Morgenstern1975Linear,
  author     = {Morgenstern, Jacques},
  title      = {{The Linear Complexity of Computation}},
  journal    = {{Journal of the ACM}},
  year       = {1975},
  volume     = {22},
  number     = {2},
  pages      = {184--194},
  month      = apr,
  issn       = {0004-5411},
  acmid      = {321881},
  address    = {New York, NY, USA},
  doi        = {10.1145/321879.321881},
  issue_date = {April 1975},
  numpages   = {11},
  publisher  = {ACM},
  url        = {http://doi.acm.org/10.1145/321879.321881},
}

@Misc{lecun-mnisthandwrittendigit-2010,
  author    = {LeCun, Yann and Cortes, Corinna},
  title     = {{MNIST} handwritten digit database},
  year      = {2010},
  biburl    = {http://yann.lecun.com/exdb/mnist/},
  groups    = {public},
  keywords  = {MSc _checked character_recognition mnist network neural},
  timestamp = {2016-07-12T19:25:30.000+0200},
  url       = {http://yann.lecun.com/exdb/mnist/},
}

@InProceedings{Huang07e.:labeled,
  author       = {Huang, Gary B. and Mattar, Marwan and Berg, Tamara and Learned-Miller, Eric},
  title        = {{Labeled Faces in the Wild: A Database forStudying Face Recognition in Unconstrained Environments}},
  booktitle    = {{Workshop on Faces in 'Real-Life' Images: Detection, Alignment, and Recognition}},
  year         = {2008},
  address      = {Marseille, France},
  month        = Oct,
  organization = {{Erik Learned-Miller and Andras Ferencz and Fr{\'e}d{\'e}ric Jurie}},
  file         = {Huang_long_eccv2008-lfw.pdf:https\://hal.inria.fr/inria-00321923/file/Huang_long_eccv2008-lfw.pdf:PDF},
  hal_id       = {inria-00321923},
  hal_version  = {v1},
  url          = {https://hal.inria.fr/inria-00321923},
}


@InProceedings{Sculley2010Web,
  author       = {Sculley, David},
  title        = {Web-scale k-means clustering},
  booktitle    = {Proceedings of the 19th international conference on World wide web},
  year         = {2010},
  pages        = {1177--1178},
  organization = {ACM},
  file         = {:Sculley2010Web.pdf:PDF},
  owner        = {valentin},
  timestamp    = {2019.07.17},
}

@InProceedings{Bottou1995Convergence,
  author    = {Bottou, Leon and Bengio, Yoshua},
  title     = {Convergence properties of the k-means algorithms},
  booktitle = {Advances in neural information processing systems},
  year      = {1995},
  pages     = {585--592},
  file      = {:Bottou1995Convergence.pdf:PDF},
  owner     = {valentin},
  timestamp = {2019.07.18},
}

@Article{Pedregosa2011Scikit,
  author  = {Pedregosa, F. and Varoquaux, G. and Gramfort, A. and Michel, V. and Thirion, B. and Grisel, O. and Blondel, M. and Prettenhofer, P. and Weiss, R. and Dubourg, V. and Vanderplas, J. and Passos, A. and Cournapeau, D. and Brucher, M. and Perrot, M. and Duchesnay, E.},
  title   = {Scikit-learn: Machine Learning in {P}ython},
  journal = {Journal of Machine Learning Research},
  year    = {2011},
  volume  = {12},
  pages   = {2825--2830},
}

@Comment{jabref-meta: databaseType:bibtex;}

@Comment{jabref-meta: fileDirectory:./pdf/;}
